<?xml version="1.0" encoding="UTF-8"?><collection xmlns="http://www.loc.gov/MARC21/slim"><record><leader>00620nam--2200181-i-4500</leader><controlfield tag="001">000006946</controlfield><controlfield tag="002">20161230</controlfield><controlfield tag="005">20161230201027</controlfield><controlfield tag="008">060222s1000------------r-----000-0-fre-d</controlfield><datafield ind1=" " ind2=" " tag="040"><subfield code="a">IFIN-HH</subfield></datafield><datafield ind1=" " ind2=" " tag="041"><subfield code="a">fre</subfield></datafield><datafield ind1=" " ind2=" " tag="080"><subfield code="a">537.591(043)</subfield></datafield><datafield ind1="1" ind2=" " tag="100"><subfield code="a">Capdevielle, Jean-noel</subfield></datafield><datafield ind1="1" ind2="0" tag="245"><subfield code="a">Une methode de simulation des grandes gerbes de l'air du rayonnement cosmique. application a la physique des hautes energies et a l astrophysique (...)</subfield><subfield code="b">These</subfield><subfield code="c">Jean-noel capdevielle</subfield></datafield><datafield ind1=" " ind2=" " tag="260"><subfield code="a">Paris</subfield><subfield code="b">Centre D Orsay, L'Universite De Paris-sud</subfield><subfield code="c">1972</subfield></datafield><datafield ind1=" " ind2=" " tag="300"><subfield code="a">304 P</subfield></datafield><datafield ind1=" " ind2=" " tag="852"><subfield code="a">40313</subfield><subfield code="c">539.13</subfield></datafield><datafield ind1=" " ind2=" " tag="CAT"><subfield code="a">Sys</subfield><subfield code="c">20120227</subfield><subfield code="h">123331</subfield></datafield></record></collection>